%% This BibTeX bibliography file was created using BibDesk.
%% http://bibdesk.sourceforge.net/


%% Created for Yufei Wang at 2015-11-06 11:38:56 -0800 


%% Saved with string encoding Unicode (UTF-8) 



@book{MAP,
	Author = {Baeza-Yates, Ricardo A. and Ribeiro-Neto, Berthier},
	Date-Added = {2015-11-06 19:37:45 +0000},
	Date-Modified = {2015-11-06 19:38:56 +0000},
	Publisher = {Addison-Wesley Longman Publishing Co., Inc.},
	Title = {Modern Information Retrieval},
	Year = {1999}}

@inproceedings{aesthe_14,
	Author = {Lu, Xin and Lin, Zhe and Jin, Hailin and Yang, Jianchao and Wang, James Z.},
	Booktitle = {Proceedings of the ACM International Conference on Multimedia},
	Date-Added = {2015-11-04 23:32:27 +0000},
	Date-Modified = {2015-11-04 23:32:48 +0000},
	Title = {RAPID: Rating Pictorial Aesthetics Using Deep Learning},
	Year = {2014}}

@inproceedings{Sun_2014_CVPR,
	Author = {Sun, Yi and Wang, Xiaogang and Tang, Xiaoou},
	Booktitle = {The IEEE Conference on Computer Vision and Pattern Recognition (CVPR)},
	Date-Added = {2015-11-04 23:06:51 +0000},
	Date-Modified = {2015-11-04 23:07:27 +0000},
	Title = {Deep Learning Face Representation from Predicting 10,000 Classes},
	Year = {2014}}

@inproceedings{Li_2015_CVPR,
	Author = {Li, Haoxiang and Lin, Zhe and Shen, Xiaohui and Brandt, Jonathan and Hua, Gang},
	Booktitle = {The IEEE Conference on Computer Vision and Pattern Recognition (CVPR)},
	Date-Added = {2015-11-04 23:03:13 +0000},
	Date-Modified = {2015-11-04 23:03:43 +0000},
	Title = {A Convolutional Neural Network Cascade for Face Detection},
	Year = {2015}}

@inproceedings{scene_summarize,
	Author = {Simon, Ian and Snavely, Noah and Seitz, Steven M.},
	Booktitle = {IEEE International Conference on Computer Vision, ICCV},
	Date-Added = {2015-10-23 09:51:12 +0000},
	Date-Modified = {2015-10-23 09:57:46 +0000},
	Title = {Scene Summarization for Online Image Collections},
	Year = {2007}}

@inproceedings{gaze,
	Author = {Walber, Tina Caroline and Scherp, Ansgar and Staab, Steffen},
	Booktitle = {Proceedings of the SIGCHI Conference on Human Factors in Computing Systems},
	Date-Added = {2015-10-23 02:36:28 +0000},
	Date-Modified = {2015-10-23 02:36:51 +0000},
	Title = {Smart Photo Selection: Interpret Gaze As Personal Interest},
	Year = {2014}}

@inproceedings{perosnalized_che,
	Author = {Yeh, Che-Hua and Ho, Yuan-Chen and Barsky, Brian A. and Ouhyoung, Ming},
	Booktitle = {Proceedings of the International Conference on Multimedia},
	Date-Added = {2015-10-23 00:28:05 +0000},
	Date-Modified = {2015-10-23 00:29:04 +0000},
	Title = {Personalized Photograph Ranking and Selection System},
	Year = {2010}}

@inproceedings{sum_pinaki,
	Author = {Sinha, Pinaki and Mehrotra, Sharad and Jain, Ramesh},
	Booktitle = {ICMR},
	Date-Added = {2015-10-22 23:38:15 +0000},
	Date-Modified = {2015-10-22 23:44:11 +0000},
	Title = {Summarization of personal photologs using multidimensional content and context},
	Year = {2011}}

@inproceedings{nips_summarize,
	Author = {Sebastian Tschiatschek and Rishabh Iyer and Haochen Wei and Jeff Bilmes},
	Booktitle = {Neural Information Processing Systems (NIPS)},
	Date-Added = {2015-10-20 22:09:50 +0000},
	Date-Modified = {2015-10-20 22:11:27 +0000},
	Title = {Learning Mixtures of Submodular Functions for Image Collection Summarization},
	Year = {2014}}

@inproceedings{vacation,
	Author = {Sadeghi, F. and Tena, J.R. and Farhadi, A. and Sigal, L.},
	Booktitle = {Winter Conference on Applications of Computer Vision (WACV)},
	Date-Added = {2015-10-20 22:08:29 +0000},
	Date-Modified = {2015-10-20 22:09:48 +0000},
	Title = {Learning to Select and Order Vacation Photographs},
	Year = {2015}}

@inproceedings{social_summarize,
	Author = {Del Fabro, Manfred and Sobe, Anita and B{\"o}sz{\"o}rmenyi, Laszlo},
	Booktitle = {Proceedings of the Fourth International Conferences on Advances in Multimedia (MMEDIA)},
	Date-Added = {2015-10-20 21:59:23 +0000},
	Date-Modified = {2015-10-20 22:00:17 +0000},
	Title = {Summarization of Real-Life Events Based on Community-Contributed Content},
	Year = {2012}}

@inproceedings{photo_selection1,
	Author = {Ceroni, Andrea and Solachidis, Vassilios and Nieder{\'e}e, Claudia and Papadopoulou, Olga and Kanhabua, Nattiya and Mezaris, Vasileios},
	Booktitle = {Proceedings of the 5th International Conference on Multimedia Retrieval (ICMR)},
	Date-Added = {2015-10-20 21:45:36 +0000},
	Date-Modified = {2015-10-20 21:46:07 +0000},
	Title = {To Keep or not to Keep: An Expectation-oriented Photo Selection Method for Personal Photo Collections},
	Year = {2015}}

@inproceedings{event_recognition,
	Author = {Xiong, Yuanjun and Zhu, Kai and Lin, Dahua and Tang, Xiaoou},
	Booktitle = {The IEEE Conference on Computer Vision and Pattern Recognition (CVPR)},
	Date-Added = {2015-10-19 18:25:06 +0000},
	Date-Modified = {2015-10-19 18:25:29 +0000},
	Title = {Recognize Complex Events From Static Images by Fusing Deep Channels},
	Year = {2015}}

@inproceedings{devil,
	Author = {Chatfield, Ken and Simonyan, Karen and Vedaldi, Andrea and Zisserman, Andrew},
	Booktitle = {Proceedings of the British Machine Vision Conference (BMVC)},
	Date-Added = {2015-10-19 15:54:57 +0000},
	Date-Modified = {2015-10-19 15:56:10 +0000},
	Title = {Return of the Devil in the Details: Delving Deep into Convolutional Nets},
	Year = {2014}}

@inproceedings{googlenet,
	Author = {Szegedy, Christian and Liu, Wei and Jia, Yangqing and Sermanet, Pierre and Reed, Scott and Anguelov, Dragomir and Erhan, Dumitru and Vanhoucke, Vincent and Rabinovich, Andrew},
	Booktitle = {The IEEE Conference on Computer Vision and Pattern Recognition (CVPR)},
	Date-Added = {2015-10-19 15:47:47 +0000},
	Date-Modified = {2015-10-19 15:50:11 +0000},
	Title = {Going Deeper with Convolutions},
	Year = {2015}}

@inproceedings{places,
	Author = {B. Zhou and A. Lapedriza and J. Xiao and A. Torralba and A. Oliva},
	Booktitle = {Advances in Neural Information Processing Systems 27 (NIPS)},
	Date-Added = {2015-10-19 15:44:01 +0000},
	Date-Modified = {2015-10-19 16:12:36 +0000},
	Title = {Learning Deep Features for Scene Recognition using Places Database},
	Year = {2014}}

@inproceedings{scene,
	Author = {Mandar Dixit and Si Chen and Dashan Gao and Nikhil Rasiwasia and Nuno Vasconcelos},
	Booktitle = {The IEEE Conference on Computer Vision and Pattern Recognition (CVPR)},
	Date-Added = {2015-10-19 15:41:02 +0000},
	Date-Modified = {2015-10-19 15:41:55 +0000},
	Title = {Scene Classification with Semantic Fisher Vectors},
	Year = {2015}}

@inproceedings{specificity,
	Author = {Mainak Jas and Devi Parikh},
	Booktitle = {The IEEE Conference on Computer Vision and Pattern Recognition (CVPR)},
	Date-Added = {2015-10-19 11:29:19 +0000},
	Date-Modified = {2015-10-20 21:37:32 +0000},
	Title = {Image Specificity},
	Year = {2015}}

@inproceedings{interesting2,
	Author = {Michael Gygli and Helmut Grabner and Hayko Riemenschneider and Fabian Nater and Luc J. Van Gool},
	Booktitle = {{IEEE} International Conference on Computer Vision, {ICCV}},
	Date-Added = {2015-10-19 11:14:27 +0000},
	Date-Modified = {2015-10-19 11:15:03 +0000},
	Title = {The Interestingness of Images},
	Year = {2013}}

@inproceedings{interesting,
	Author = {Dhar, Sagnik and Ordonez, Vicente and Berg, Tamara L.},
	Booktitle = {IEEE Conference on Computer Vision and Pattern Recognition (CVPR)},
	Date-Added = {2015-10-19 11:11:57 +0000},
	Date-Modified = {2015-10-19 11:12:36 +0000},
	Title = {High level describable attributes for predicting aesthetics and interestingness},
	Year = {2011}}

@inproceedings{www14_khosla,
	Author = {Aditya Khosla and Atish Das Sarma and Raffay Hamid},
	Booktitle = {International World Wide Web Conference (WWW)},
	Date-Added = {2015-10-19 11:07:02 +0000},
	Date-Modified = {2015-10-19 11:07:31 +0000},
	Title = {What Makes an Image Popular?},
	Year = {2014}}

@incollection{NIPS2011_4451,
	Author = {Phillip Isola and Devi Parikh and Torralba, Antonio and Oliva, Aude},
	Booktitle = {Advances in Neural Information Processing Systems 24},
	Date-Added = {2015-10-19 11:00:41 +0000},
	Date-Modified = {2015-10-19 11:01:26 +0000},
	Publisher = {Curran Associates, Inc.},
	Title = {Understanding the Intrinsic Memorability of Images},
	Year = {2011}}

@inproceedings{Isola2011,
	Author = {Phillip Isola and Jianxiong Xiao and Antonio Torralba and Aude Oliva},
	Booktitle = {IEEE Conference on Computer Vision and Pattern Recognition (CVPR)},
	Date-Added = {2015-10-19 10:59:26 +0000},
	Date-Modified = {2015-10-19 10:59:53 +0000},
	Title = {What makes an image memorable?},
	Year = {2011}}

@inproceedings{rcnn,
	Author = {Girshick, Ross and Donahue, Jeff and Darrell, Trevor and Malik, Jitendra},
	Booktitle = {The IEEE Conference on Computer Vision and Pattern Recognition (CVPR)},
	Date-Added = {2015-10-19 02:00:03 +0000},
	Date-Modified = {2015-10-19 02:01:00 +0000},
	Title = {Rich feature hierarchies for accurate object detection and semantic segmentation},
	Year = {2014}}

@inproceedings{ensemble,
	Author = {Anders Krogh and Jesper Vedelsby},
	Booktitle = {Advances in Neural Information Processing Systems},
	Date-Added = {2015-10-19 01:12:26 +0000},
	Date-Modified = {2015-10-19 01:12:57 +0000},
	Title = {Neural Network Ensembles, Cross Validation, and Active Learning},
	Year = {1995}}

@article{caffe,
	Author = {Jia, Yangqing and Shelhamer, Evan and Donahue, Jeff and Karayev, Sergey and Long, Jonathan and Girshick, Ross and Guadarrama, Sergio and Darrell, Trevor},
	Date-Added = {2015-10-19 00:53:23 +0000},
	Date-Modified = {2015-10-19 00:54:09 +0000},
	Journal = {arXiv preprint arXiv:1408.5093},
	Title = {Caffe: Convolutional Architecture for Fast Feature Embedding},
	Year = {2014}}

@incollection{imagenet,
	Author = {Alex Krizhevsky and Sutskever, Ilya and Geoffrey E. Hinton},
	Booktitle = {Advances in Neural Information Processing Systems 25},
	Date-Added = {2015-10-19 00:49:31 +0000},
	Date-Modified = {2015-10-19 00:49:59 +0000},
	Publisher = {Curran Associates, Inc.},
	Title = {ImageNet Classification with Deep Convolutional Neural Networks},
	Year = {2012}}

@conference{contrastive,
	Author = {Raia Hadsell and Sumit Chopra and Yann LeCun},
	Booktitle = {In Proc. Computer Vision and Pattern Recognition Conference (CVPR)},
	Date-Added = {2015-10-18 18:04:31 +0000},
	Date-Modified = {2015-10-23 09:58:10 +0000},
	Title = {Dimensionality reduction by learning an invariant mapping},
	Year = {2006}}

@conference{svm,
	Author = {Yichuan Tang},
	Booktitle = {Workshop on Representational Learning, ICML},
	Date-Added = {2015-10-18 17:48:33 +0000},
	Date-Modified = {2015-10-19 00:55:17 +0000},
	Title = {Deep learning using linear support vector machines},
	Year = {2013}}

@conference{ranking_loss,
	Author = {Wei Chen and Tie-yan Liu and Yanyan Lan and Zhiming Ma and Hang Li},
	Booktitle = {Advances in Neural Information Processing Systems 22 (NIPS)},
	Date-Added = {2015-10-18 17:40:34 +0000},
	Date-Modified = {2015-10-18 17:43:34 +0000},
	Title = {Ranking Measures and Loss Functions in Learning to Rank},
	Year = {2009}}

@conference{siamese,
	Author = {Sumit Chopra, Raia Hadsell and Yann LeCun},
	Booktitle = {Proc. of Computer Vision and Pattern Recognition Conference, IEEE Press},
	Date-Added = {2015-10-18 02:38:46 +0000},
	Date-Modified = {2015-10-18 02:39:18 +0000},
	Title = {Learning a Similarity Metric Discriminatively, with Application to Face Verification},
	Year = {2005}}

@article{Benjamini01thecontrol,
	Author = {Yoav Benjamini and Daniel Yekutieli},
	Date-Added = {2015-10-16 10:09:16 +0000},
	Date-Modified = {2015-10-16 10:10:00 +0000},
	Journal = {Annals of Statistics},
	Pages = {1165--1188},
	Title = {The control of the false discovery rate in multiple testing under dependency},
	Volume = {29},
	Year = {2001}}

@article{thomee2015yfcc100m,
	Author = {Thomee, Bart and Shamma, David A. and Friedland, Gerald and Elizalde, Benjamin and Ni, Karl and Poland, Douglas and Borth, Damian and Li, Li-Jia},
	Date-Added = {2015-10-15 10:29:05 +0000},
	Date-Modified = {2015-10-15 10:29:48 +0000},
	Journal = {arXiv preprint arXiv:1503.01817},
	Title = {The New Data and New Challenges in Multimedia Research},
	Year = {2015}}
